@misc{3dtictactoe,
  author = {Wikipedia, the free encyclopedia},
  title = {{3D tic-tac-toe}},
  year = {2017},
  howpublished = "\url{https://en.wikipedia.org/wiki/3D_tic-tac-toe}",
  note = "[Online; accessed at 06-December-2017]"
}

@misc{wildtictactoe,
  author = {Wikipedia, the free encyclopedia},
  title = {{Wild tic-tac-toe}},
  year = {2017},
  howpublished = "\url{https://en.wikipedia.org/wiki/Wild_tic-tac-toe}",
  note = "[Online; accessed at 06-December-2017]"
}

@misc{ultimatetictactoe,
  author = {Wikipedia, the free encyclopedia},
  title = {{Ultimate tic-tac-toe}},
  year = {2017},
  howpublished = "\url{https://en.wikipedia.org/wiki/Ultimate_tic-tac-toe}",
  note = "[Online; accessed at 06-December-2017]"
}

@article{george2016group,
  title={Group Actions on Winning Games of Super Tic-Tac-Toe},
  author={George, Whitney and Janoski, Janine E},
  journal={arXiv preprint arXiv:1606.04779},
  year={2016}
}

